@book{freysinger2000,
  title={21st Century Leisure: Current Issues},
  author={Kelly, J.R. and Freysinger, V.J.},
  isbn={9780205273607},
  lccn={99036609},
  series={21st Century Leisure: Current Issues},
  year={2000},
  publisher={Allyn \& Bacon}
}

@misc{freizeitmonitor2016,
author = {{Stiftung für Zukunftsfragen}},
year = {2016},
title = {Freizeit Monitor 2016},
howpublished = {\url{http://www.freizeitmonitor.de}},
note = {Last access on 02.06.2017}
}

@misc{hyperloop2017,
author = {{Hyperloop One}},
year = {2017},
title = {Hyperloop One},
howpublished = {\url{https://hyperloop-one.com/}},
note = {Last access on 03.08.2017}
}

@book{prahl2002,
  title={Soziologie der Freizeit},
  author={Prahl, H.W.},
  isbn={9783825282288},
  series={UTB / UTB für Wissenschaft},
  year={2002},
  publisher={Schöningh}
}

@article{scheuch1972,
  title={Die Problematik der Freizeit in der Massengesellschaft},
  author={Scheuch, Erwin K},
  journal={EK Scheuch, \& R. Meyersohn, Soziologie der Freizeit},
  pages={23--45},
  year={1972}
}

@book{stebbins2007,
  title={Serious Leisure: A Perspective for Our Time},
  author={Stebbins, R.A.},
  isbn={9780765803634},
  lccn={2006050176},
  series={LSA Publication},
  year={2007},
  publisher={Transaction Publishers}
}

@book{weber2006,
  title={Die protestantische Ethik und der Geist des Kapitalismus: Textausgabe auf der Grundlage der ersten Fassung von 1904/05 mit einem Verzeichnis der wichtigsten Zusätze und Veränderungen aus der zweiten Fassung von 1920},
  author={Weber, Max},
  volume={6},
  year={2006},
  publisher={FinanzBuch Verlag}
}

@book{whitrow1989,
  title={Time in History: Views of Time from Prehistory to the Present Day},
  author={Whitrow, G.J.},
  isbn={9780192852113},
  lccn={lc88004245},
  series={Oxford paperbacks},
  year={1989},
  publisher={Oxford University Press}
}

@book{marx1867,
  title={Das Kapital, Kritik der politischen Ökonomie},
  author={Marx, Karl},
  year={1867},
  publisher={Verlag von Otto Meisner}
}

@book{wajcman2014,
  author = {Judy Wajcman},
  title = {Pressed for Time: The Acceleration of Life in Digital Capitalism},
  publisher = {University Of Chicago Press},
  year = {2014}
}

@book{schulze2005,
  title={Die Erlebnisgesellschaft: Kultursoziologie der Gegenwart},
  author={Schulze, G.},
  isbn={9783593378886},
  series={Campus Bibliothek},
  year={2005},
  publisher={Campus Verlag}
}

@book{gross1994,
  title={Die Multioptionsgesellschaft},
  author={Gross, P.},
  lccn={lc95199762},
  series={Edition Suhrkamp}, 
  year={1994},
  publisher={Suhrkamp}
}

@misc{vanderkam2017,
title={The Science Of When You Need In-Person Communication},
howpublished = {\url{https://www.fastcompany.com/3051518/the-science-of-when-you-need-in-person-communication}},
journal={Fast Company},
author={Vanderkam, Laura},
year={2017},
note = {Last access on 05.08.2017}
}

@article{chou2012,
  title={'They Are Happier and Having Better Lives than I Am': The Impact of Using Facebook on Perceptions of Others' Lives.},
  author={Chou, Hui-Tzu Grace and Edge, Nicholas},
  journal={CyberPsychology, Behavior \& Social Networking},
  volume={15},
  number={2},
  year={2012}
}

@misc{jay2012,
title={Just Say No to Facebook Social Comparisons!},
howpublished = {Psychology Today: \url{https://www.psychologytoday.com/blog/the-defining-decade/201203/just-say-no-facebook-social-comparisons}},
author={Jay, Meg},
year={2012},
note = {Last access on 27.08.2017}
}

@misc{digitalization,
howpublished = {\url{http://www.businessdictionary.com/definition/digitalization.html}},
author={{Business Dictionary}},
title={digitalization},
year={2017},
note = {Last access on 06.09.2017}
}

@misc{facebook2017,
howpublished = {\url{https://events.fb.com/#why-facebook-events}},
author={Facebook},
title={Facebook Events},
year={2017},
note = {Last access on 10.09.2017}
}